<?xml version="1.0" encoding="UTF-8"?><collection xmlns="http://www.loc.gov/MARC21/slim"><record><leader>00359nam--2200133-i-4500</leader><controlfield tag="001">000002651</controlfield><controlfield tag="002">20161230</controlfield><controlfield tag="005">20161230201025</controlfield><controlfield tag="008">060222s1000------------r-----000-0-eng-d</controlfield><datafield ind1=" " ind2=" " tag="080"><subfield code="a">620.9</subfield></datafield><datafield ind1=" " ind2=" " tag="100"><subfield code="a">Ciechanowicz, Wieslaw</subfield></datafield><datafield ind1=" " ind2=" " tag="245"><subfield code="a">Wegiel a inne zrodla energii w przyszlosci</subfield></datafield><datafield ind1=" " ind2=" " tag="260"><subfield code="a">Warszawa, Panstwowe Wydawnictwo Naukowe, 1986. 203 P</subfield></datafield><datafield ind1=" " ind2=" " tag="852"><subfield code="a">74045</subfield></datafield></record></collection>